@inproceedings{fiore99cat,
  title={Abstract syntax and variable binding},
  author={Fiore, Marcelo and Plotkin, Gordon and Turi, Daniele},
  booktitle={Proceedings. 14th Symposium on Logic in Computer Science (Cat. No. PR00158)},
  pages={193--202},
  year={1999},
  organization={IEEE}
}
@article{gabbay02hoas,
  title={A new approach to abstract syntax with variable binding},
  author={Gabbay, Murdoch J and Pitts, Andrew M},
  journal={Formal aspects of computing},
  volume={13},
  pages={341--363},
  year={2002},
  publisher={Springer}
}
@article{pitts16nominal,
  title={Nominal techniques},
  author={Pitts, Andrew},
  journal={ACM SIGLOG News},
  volume={3},
  number={1},
  pages={57--72},
  year={2016},
  publisher={ACM New York, NY, USA}
}
@inpoceedings{bruijn72lambda,
  title={Lambda calculus notation with nameless dummies, a tool for automatic formula manipulation, with application to the Church-Rosser theorem},
  author={De Bruijn, Nicolaas Govert},
  booktitle={Indagationes mathematicae (proceedings)},
  volume={75},
  number={5},
  pages={381--392},
  year={1972},
  organization={Elsevier}
}
@article{allais21agdabinding,
  title={A type- and scope-safe universe of syntaxes with binding: their semantics and proofs},
  volume={31},
  DOI={10.1017/S0956796820000076},
  journal={Journal of Functional Programming},
  author={ALLAIS, GUILLAUME and ATKEY, ROBERT and CHAPMAN, JAMES and MCBRIDE, CONOR and MCKINNA, JAMES},
  year={2021},
  pages={e22}
}
